<record><leader>00000cas a22000007a 4500</leader><controlfield tag="001">19031385</controlfield><controlfield tag="008">890118u19uuuuuudcuwn ne      0    0eng d</controlfield><datafield ind1=" " ind2=" " tag="010"><subfield code="a">sn 92605032 </subfield></datafield><datafield ind1=" " ind2=" " tag="040"><subfield code="a">PIT</subfield><subfield code="b">eng</subfield><subfield code="c">PIT</subfield><subfield code="d">YOX</subfield><subfield code="d">IBV</subfield><subfield code="d">OCLCQ</subfield></datafield><datafield ind1=" " ind2=" " tag="019"><subfield code="a">234235059</subfield></datafield><datafield ind1=" " ind2=" " tag="042"><subfield code="a">msc</subfield></datafield><datafield ind1=" " ind2=" " tag="043"><subfield code="a">n-us---</subfield></datafield><datafield ind1=" " ind2=" " tag="090"><subfield code="a">AP201</subfield><subfield code="b">.W44</subfield></datafield><datafield ind1="0" ind2=" " tag="130"><subfield code="a">Weekly news review (Washington, D.C.)</subfield></datafield><datafield ind1="1" ind2="0" tag="245"><subfield code="a">Weekly news review.</subfield></datafield><datafield ind1=" " ind2=" " tag="260"><subfield code="a">Washington, D.C. :</subfield><subfield code="b">[s.n.]</subfield></datafield><datafield ind1=" " ind2=" " tag="300"><subfield code="a">v. :</subfield><subfield code="b">ill. ;</subfield><subfield code="c">37 cm.</subfield></datafield><datafield ind1=" " ind2=" " tag="310"><subfield code="a">Weekly during the school year</subfield></datafield><datafield ind1=" " ind2=" " tag="500"><subfield code="a">Editor: &lt;1939-&gt; Walter E. Myer.</subfield></datafield><datafield ind1=" " ind2=" " tag="500"><subfield code="a">"A national text for students of current history."</subfield></datafield><datafield ind1=" " ind2=" " tag="588"><subfield code="a">Description based on: Vol. 16, no. 1 (Sept. 6, 1937).</subfield></datafield><datafield ind1=" " ind2="0" tag="650"><subfield code="a">World politics</subfield><subfield code="x">Study and teaching (Secondary)</subfield><subfield code="v">Periodicals.</subfield></datafield><datafield ind1=" " ind2="0" tag="651"><subfield code="a">United States</subfield><subfield code="x">Politics and government</subfield><subfield code="x">Study and teaching (Secondary)</subfield><subfield code="v">Periodicals.</subfield></datafield><datafield ind1=" " ind2="0" tag="650"><subfield code="a">American periodicals.</subfield></datafield><datafield ind1=" " ind2="7" tag="655"><subfield code="a">Little magazines</subfield><subfield code="z">United States</subfield><subfield code="y">20th century.</subfield><subfield code="2">aat</subfield></datafield><datafield ind1="1" ind2=" " tag="700"><subfield code="a">Myer, Walter Evert,</subfield><subfield code="d">1889-</subfield></datafield><datafield ind1=" " ind2=" " tag="752"><subfield code="a">United States</subfield><subfield code="b">District of Columbia</subfield><subfield code="d">Washington.</subfield></datafield><datafield ind1="1" ind2=" " tag="029"><subfield code="a">AU@</subfield><subfield code="b">000025851786</subfield></datafield></record>